<?xml version="1.0" encoding="UTF-8"?><record xmlns="http://www.loc.gov/MARC21/slim" xmlns:cinclude="http://apache.org/cocoon/include/1.0" xmlns:zs="http://www.loc.gov/zing/srw/">
  <leader>00367nz  a2200121n  4500</leader>
  <controlfield tag="001">n  99008367 </controlfield>
  <controlfield tag="003">DLC</controlfield>
  <controlfield tag="005">19990201122446.3</controlfield>
  <controlfield tag="008">990201n| acannaab|          |n aaa |||  </controlfield>
  <datafield tag="010" ind1=" " ind2=" ">
    <subfield code="a">n  99008367 </subfield>
  </datafield>
  <datafield tag="040" ind1=" " ind2=" ">
    <subfield code="a">DLC</subfield>
    <subfield code="b">eng</subfield>
    <subfield code="c">DLC</subfield>
  </datafield>
  <datafield tag="100" ind1="1" ind2=" ">
    <subfield code="a">Perova, A. V.</subfield>
  </datafield>
  <datafield tag="670" ind1=" " ind2=" ">
    <subfield code="a">Metodicheskoe posobie po proektirovanii︠u︡ lineĭno-apparatnykh t︠s︡ekhov ... 1970:</subfield>
    <subfield code="b">t.p. (A.V. Perova)</subfield>
  </datafield>
</record>